../../final_report/latex_files/teamTBD_references.bib